@Book{Lam92,
author = {Lamport, L.},
title = {LaTeX system przygotowywania dokumentów},
publisher = {Wydawnictwo Ariel},
year = {1992},
address = {Kraków},

langid = {polish},
}

@Book{SOA13,
author = {Jensen, Claus T.},
title = {SOA Design Principles for Dummies},
publisher = {John Wiley and Sons, Inc.},
year = {2013},
address = {New Jersey},

langid = {english},
}

@Book{Dil00,
author = {Diller, A.},
title = {LaTeX wiersz po wierszu},
publisher = {Wydawnictwo Helion},
year = {2000},
address = {Gliwice},

langid = {polish},
}


@Manual{ARM06,
title = {Ada Reference Manual {ISO}/{IEC} 8652:200y({E}) {E}d. 3},
organization = {Ada Europe},
year = {2006}
}

@Article{BuDo03,
author = {Burns, A. and Dobbing, B.},
title = {The {R}avenscar {P}rofile for Real--Time and High Integrity Systems},
journal = {Cross{T}alk},
year = {2003},
volume = {16},
number = {11},
pages = {9--12}
}



@InProceedings{PeDa04,
author = {Peleska, J. and Große, D. and Haxthausen, A. E. and Drechsler, R.},
title = {Automated Verification for Train Control Systems},
booktitle = {Proc. of the 5th Symposium on Formal Methods for Automation and Safety in Railway and Automotive Systems (FORMS/FORMAT 2004)},
year = {2004},
pages = {252--265},
address = {Braunschweig, Germany},
month = {December}
}

@TechReport{BuDoVa03,
author = {Burns, A. and Dobbing, B. and Vardanega, T.},
title = {Guide for the Use of the Ada Ravenscar Profile in High Integrity Systems},
institution = {University of York},
year = {2003},
number = {YCS-2003-348}
}



@manual{Alvis2011,
	organization = {AGH University of Science and Technology},
	year = {2011},
	title = {{On Line Alvis Manual}},
	note = {\\\texttt{http://fm.ia.agh.edu.pl/alvis:manual}},
	author = {Szpyrka, M.},
	langid = {english},
}

@manual{Java01,
	organization = {Oracle},
	year = {},
	title = {{The History of Java Technology}},
	note = {\\\texttt{http://www.oracle.com/technetwork/java/javase/overview/javahistory\-index\-198355.html}},
	author = {},
	langid = {english},
}

@manual{JEE01,
	organization = {},
	year = {},
	title = {{JEE - wprowadzenie do Javy Enterprise Edition}},
	note = {\\\texttt{http://javastart.pl/static/jee/jee\-wprowadzenie\-do\-javy\-enterprise\-edition/}},
	author = {},
	langid = {polish},
}

@manual{SA01,
	organization = {Uniwersytet Łudzki},
	year = {},
	title = {{Serwery aplikacji}},
	note = {\\\texttt{http://math.uni.lodz.pl/~radmat/serwery/Wyklad\_d\_01.pdf}},
	author = {Matusik, R.},
	langid = {polish},
}

@manual{DOC01,
	organization = {Akademia Górniczo\-Hutnicza},
	year = {2015},
	title = {{Szablon dokumentacji projektowej}},
	note = {\\\texttt{http://home.agh.edu.pl/~pszwed/wiki/doku.php?id=amo:rup\_tailored}},
	author = {Szwed, P.},
	langid = {polish},
}

@manual{DOC02,
	organization = {},
	year = {},
	title = {{Analiza wymagań funkcjonalnych}},
	note = {\\\texttt{http://wymagania.net/baza\-wiedzy/36\-baza\-wiedzy/88\-analiza\-wymagan\-funkcjonalnych}},
	author = {Zmitrowicz, K.},
	langid = {polish},
}

@manual{DOC03,
	organization = {},
	year = {2012},
	title = {{Jak opisywać przypadki użycia?}},
	note = {\\\texttt{http://analizait.pl/2012/jak\-opisywac\-przypadki\-uzycia/}},
	author = {Wesołowska, H.},
	langid = {polish},
}

@manual{MVC01,
	organization = {},
	year = {},
	title = {{Design Patterns - MVC Pattern}},
	note = {\\\texttt{http://www.tutorialspoint.com/design\_pattern/mvc\_pattern.htm}},
	author = {},
	langid = {english},
}

@manual{HIB01,
	organization = {Akademia Górniczo\-Hutnicza},
	year = {},
	title = {{Hibernate + Java}},
	note = {\\\texttt{http://student.agh.edu.pl/drusieck/hibernate/}},
	author = {Krzemień;, R.Rusiecki, D.},
	langid = {polish},
}

@manual{MV01,
	organization = {},
	year = {2011},
	title = {{Wprowadzenie do Maven’a}},
	note = {\\\texttt{http://blog.atena.pl/wprowadzenie\-do\-mavena}},
	author = {Łaguna, M.},
	langid = {epolish},
}